@Conference{Panmungmee:12,
	AUTHOR = "Panmungmee.C and Wongsarat M. and Tangamchit.P",
	TITLE = "Automatic traffic estimation system using mobile probe vehicles",
	JOURNAL = "Knowledge and Smart Technology (KST)",
	PAGES = {11	- 15},
	MONTH = "July",
	YEAR = {2012},	
	NUMBER = {4}}

@Conference{Menard:11,
	AUTHOR = "Menard and T. Nowak M. and Norris D.",
	TITLE = "Comparing the GPS capabilities of the Samsung Galaxy S and Motorola Droid X and the Apple iPhone for vehicle tracking using FreeSim Mobile",
	JOURNAL = "Intelligent Transportation Systems (ITSC) International IEEE Conference",
	NUMBER = {14},
	PAGES = {985 - 990},
	MONTH = "Oct",
	YEAR = {2011}	}

@Conference{Sangwoo:11,
	AUTHOR = "Sang-Woo and Hyun-Shin Lee and Myung-Sup Kim.",
	TITLE = "A study on Smart-phone traffic analysis",
	JOURNAL = "Network Operations and Management Symposium (APNOMS)",
	PAGES = {1 - 7},
	NUMBER = {13},
	MONTH = "Sep",
	YEAR = {2011}	}

@Conference{Pelin:2010,
	AUTHOR = "Pelin Angin and Bharat K. Bhargava and Sumi Helal",
	TITLE = "A Mobile-Cloud Collaborative Traffic Lights Detector for Blind Navigation",
	JOURNAL = "MDM 10 Proceedings of the 2010 Eleventh International Conference on Mobile Data Management",
	PAGES = {396 - 401},
	YEAR = {2010}	}

@Conference{Endarnoto:2011,
	AUTHOR = "Endarnoto and Pradipta S. and Nugroho A.S. and Purnama, J.",
	TITLE = "Traffic Condition Information Extraction Visualization from Social Media Twitter for Android Mobile Application",
	JOURNAL = "Electrical Engineering and Informatics (ICEEI)",
	PAGES = {1 - 4},
	MONTH = "July",
	YEAR = {2011}	}

@Conference{Dezani:2012,
	AUTHOR = "Dezani and Damiani F. and Marranghello N. and Viudes U. and Parra, I.A. ",
	TITLE = "Mobile application as a tool for urban traffic data collection and generation to Advanced Traveler Information Systems using Wi-Fi networks available in urban centers",
	JOURNAL = "Intelligent Vehicles Symposium (IV), 2012 IEEE",
	PAGES = {288 - 292},
	MONTH = "June",
	YEAR = {2012}	}

@Conference{Jong:11,
	AUTHOR = "Jong Hoon Ahnn Uichin Lee and Hyun Jin Moon ",
	TITLE = "GeoServ: A Distributed Urban Sensing Platform",
	JOURNAL = "Cluster Cloud and Grid Computing (CCGrid) IEEE/ACM International Symposium",
	PAGES = {288 - 292},
	MONTH = "May",
	YEAR = {2011}	}